@book{sutton2018reinforcement,
  title={Reinforcement learning: An introduction},
  author={Sutton, Richard S and Barto, Andrew G},
  year={2018},
  publisher={MIT press}
}

@article{kiumarsi2017optimal,
  title={Optimal and autonomous control using reinforcement learning: A survey},
  author={Kiumarsi, Bahare and Vamvoudakis, Kyriakos G and Modares, Hamidreza and Lewis, Frank L},
  journal={IEEE transactions on neural networks and learning systems},
  volume={29},
  number={6},
  pages={2042--2062},
  year={2017},
  publisher={IEEE}
}

@article{jacoff2001standard,
  title={A standard test course for urban search and rescue robots},
  author={Jacoff, Adam and Messina, Elena and Evans, John},
  journal={NIST special publication SP},
  pages={253--259},
  year={2001},
  publisher={NATIONAL INSTITUTE OF STANDARDS \& TECHNOLOGY}
}

@incollection{coderre2019concept,
  title={Concept of Operations for the Gateway},
  author={Coderre, Kathleen and Edwards, Christine and Cichan, Tim and Richey, Danielle and Shupe, Nathan and Sabolish, David and Ramm, Steven and Perkes, Brent and Posey, Jerome and Pratt, William and others},
  booktitle={Space Operations: Inspiring Humankind's Future},
  pages={63--82},
  year={2019},
  publisher={Springer}
}

@article{lum2007telesurgery,
  title={Telesurgery Via Unmanned Aerial Vehicle (UAV) with a Field Deployable Surgical Robot},
  author={Lum, Mitchell JH and Rosen, Jacob and King, Hawkeye and Friedman, Diana CW and Donlin, Gina and Sankaranarayanan, Ganesh and Harnett, Brett and Huffman, Lynn and Doarn, Charles and Broderick, Timothy and others},
  year={2007}
}

@article{tan2018sim,
  title={Sim-to-real: Learning agile locomotion for quadruped robots},
  author={Tan, Jie and Zhang, Tingnan and Coumans, Erwin and Iscen, Atil and Bai, Yunfei and Hafner, Danijar and Bohez, Steven and Vanhoucke, Vincent},
  journal={arXiv preprint arXiv:1804.10332},
  year={2018}
}

@article{brockman2016openai,
  title={Openai gym},
  author={Brockman, Greg and Cheung, Vicki and Pettersson, Ludwig and Schneider, Jonas and Schulman, John and Tang, Jie and Zaremba, Wojciech},
  journal={arXiv preprint arXiv:1606.01540},
  year={2016}
}
@article{kadian2019we,
  title={Are we making real progress in simulated environments? measuring the sim2real gap in embodied visual navigation},
  author={Kadian, Abhishek and Truong, Joanne and Gokaslan, Aaron and Clegg, Alexander and Wijmans, Erik and Lee, Stefan and Savva, Manolis and Chernova, Sonia and Batra, Dhruv},
  journal={arXiv preprint arXiv:1912.06321},
  year={2019}
}

@article{sutton1992reinforcement,
  title={Reinforcement learning is direct adaptive optimal control},
  author={Sutton, Richard S and Barto, Andrew G and Williams, Ronald J},
  journal={IEEE Control Systems Magazine},
  volume={12},
  number={2},
  pages={19--22},
  year={1992},
  publisher={IEEE}
}

@misc{key,
 title={Key Papers in Deep RL},
 url={https://spinningup.openai.com/en/latest/spinningup/keypapers.html#},
 journal={Key Papers in Deep RL - Spinning Up documentation}
}

@misc{acrobot,
 title={Acrobot-v1},
 url={https://gym.openai.com/envs/Acrobot-v1/},
 journal={Acrobot-v1}
 }